@book{dragon-book,
  title = {The Dragon Book},
  author = {Dragon},
  year = {2012},
  publisher = {Acme Publishing},
  address = {New York},
  edition = {1st},
  note = {This is a book}
}

@misc{codeguruWorkingWith,
	author = {Joydip Kanjilal},
	title = {{W}orking with {S}erialization in {C}\# --- codeguru.com},
	howpublished = {\url{https://www.codeguru.com/csharp/c-sharp-serialization}},
	year = {},
	note = {[Accessed 16-08-2023]},
}

@misc{mongodbJSONBSON,
	author = {},
	title = {{J}{S}{O}{N} {A}nd {B}{S}{O}{N}  --- mongodb.com},
	howpublished = {\url{https://www.mongodb.com/json-and-bson}},
	year = {},
	note = {[Accessed 16-08-2023]},
}

@misc{tutorialspointJacksonOverview,
	author = {},
	title = {{J}ackson - {O}verview --- tutorialspoint.com},
	howpublished = {\url{https://www.tutorialspoint.com/jackson/jackson_overview.htm}},
	year = {},
	note = {[Accessed 16-08-2023]},
}

@misc{tutorialspointJacksonStreaming,
	author = {},
	title = {{J}ackson - {S}treaming {A}{P}{I} --- tutorialspoint.com},
	howpublished = {\url{https://www.tutorialspoint.com/jackson/jackson_streaming_api.htm}},
	year = {},
	note = {[Accessed 16-08-2023]},
}

@misc{tutorialspointJacksonData,
	author = {},
	title = {{J}ackson - {D}ata {B}inding --- tutorialspoint.com},
	howpublished = {\url{https://www.tutorialspoint.com/jackson/jackson_data_binding.htm}},
	year = {},
	note = {[Accessed 16-08-2023]},
}